@inproceedings{provisioning:ondemand,
	author       = "Karolina Vukojevic-Haupt and Dimka Karastoyanova and Frank Leymann",
	title        = "On-demand Provisioning of Infrastructure,
Middleware and Services for Simulation Workflows",
	eventtitle   = "Proceedings of the 6th IEEE International Conference on Service Oriented Computing & Applications (SOCA 2013)",
	year         = "2013",
	url          = "???",
}

@thesis{provisioning:dynamic,
	author       = "Valeri Schneider",
	title        = "Dynamische Provisionierung von
Web Services für Simulationsworkflows",
	type         = "Diploma",
	institution  = "University Stuttgart",
	year         = "2013",
	url          = "ftp://ftp.informatik.uni-stuttgart.de/pub/library/medoc.ustuttgart_fi/DIP-3473/DIP-3473.pdf"
}

@article{provisioning:architecture,
	author       = "Johannes Kirschnick and Jose M. Alcaraz Calero and Lawrence Wilcock and Nigel Edwards",
	title        = "Toward an Architecture for the Automated Provisioning of Cloud Services",
	journal      = "Communications Magazine",
	volume       = "48",
	number       = "12",
	pages        = "124--131",
	year         = "2010",
	url          = "http://ieeexplore.ieee.org/stamp/stamp.jsp?tp=&arnumber=5673082"
}

@techreport{tosca:spec,
	title       = "Topology and Orchestration Specification for Cloud Apllications",
	year        = "2013",
	type        = "Committee Specification 01",
	institution = "OASIS",
	url        = "http://docs.oasis-open.org/tosca/TOSCA/v1.0/cs01/TOSCA-v1.0-cs01.pdf",
}

@inproceedings{opentosca,
	author       = "Tobias Binz and Uwe Breitenbücher and Florian Haupt and Oliver Kopp and Frank Leymann and Alexander Nowak and Sebastian Wagner",
	title        = "{OpenTOSCA} -- A Runtime for {TOSCA}-based Cloud Applications",
	eventtitle   = "International Conference on Service-Oriented Computing",
	publisher    = "Springer",
	series       = "LNCS",
	year         = "2013",
	url          = "http://www.iaas.uni-stuttgart.de/RUS-data/INPROC-2013-45%20-%20OpenTOSCA_A_Runtime_for_TOSCA-based_Cloud_Applications.pdf",
}
